<record><leader>00000cas a2200000 a 4500</leader><controlfield tag="001">34726235</controlfield><controlfield tag="008">960514d187u1878miudn ne      0    0eng c</controlfield><datafield ind1=" " ind2=" " tag="010"><subfield code="a">sn 96076608 </subfield></datafield><datafield ind1=" " ind2=" " tag="040"><subfield code="a">MHN</subfield><subfield code="b">eng</subfield><subfield code="c">MHN</subfield><subfield code="d">OCL</subfield><subfield code="d">OCLCQ</subfield><subfield code="d">OCLCF</subfield><subfield code="d">OCLCO</subfield></datafield><datafield ind1="1" ind2=" " tag="029"><subfield code="a">AU@</subfield><subfield code="b">000012500891</subfield></datafield><datafield ind1=" " ind2=" " tag="042"><subfield code="a">pcc</subfield></datafield><datafield ind1=" " ind2=" " tag="043"><subfield code="a">n-us-mi</subfield></datafield><datafield ind1="0" ind2=" " tag="130"><subfield code="a">Bay City observer (Bay City, Mich. : Daily)</subfield></datafield><datafield ind1="1" ind2="0" tag="245"><subfield code="a">Bay City observer.</subfield></datafield><datafield ind1="1" ind2="7" tag="246"><subfield code="a">Daily observer</subfield></datafield><datafield ind1="1" ind2="3" tag="246"><subfield code="a">Observer</subfield></datafield><datafield ind1=" " ind2=" " tag="250"><subfield code="a">Daily ed.</subfield></datafield><datafield ind1=" " ind2=" " tag="260"><subfield code="a">Bay City [Mich.] :</subfield><subfield code="b">McMillan &amp; Harding</subfield></datafield><datafield ind1=" " ind2=" " tag="300"><subfield code="a">v.</subfield></datafield><datafield ind1=" " ind2=" " tag="310"><subfield code="a">Daily (except Sun.)</subfield></datafield><datafield ind1="0" ind2=" " tag="362"><subfield code="a">-v.1, no. 149 (June 20, 1878).</subfield></datafield><datafield ind1=" " ind2=" " tag="500"><subfield code="a">Some issues lack edition statement, May 20, 1878-June 20, 1878.</subfield></datafield><datafield ind1=" " ind2=" " tag="580"><subfield code="a">Weekly ed.: Bay City observer (Bay City, Mich. : Weekly).</subfield></datafield><datafield ind1=" " ind2=" " tag="588"><subfield code="a">Description based on: Vol. 1, no. 39 (Jan. 31, 1878).</subfield></datafield><datafield ind1=" " ind2="0" tag="651"><subfield code="a">Bay City (Mich.)</subfield><subfield code="v">Newspapers.</subfield></datafield><datafield ind1=" " ind2="0" tag="651"><subfield code="a">Bay County (Mich.)</subfield><subfield code="v">Newspapers.</subfield></datafield><datafield ind1=" " ind2="7" tag="655"><subfield code="a">Newspapers.</subfield><subfield code="2">fast</subfield><subfield code="0">(OCoLC)fst01423814</subfield></datafield><datafield ind1=" " ind2="7" tag="651"><subfield code="a">Michigan</subfield><subfield code="z">Bay City.</subfield><subfield code="2">fast</subfield><subfield code="0">(OCoLC)fst01212810</subfield></datafield><datafield ind1=" " ind2="7" tag="651"><subfield code="a">Michigan</subfield><subfield code="z">Bay County.</subfield><subfield code="2">fast</subfield><subfield code="0">(OCoLC)fst01210252</subfield></datafield><datafield ind1=" " ind2=" " tag="752"><subfield code="a">United States</subfield><subfield code="b">Michigan</subfield><subfield code="c">Bay</subfield><subfield code="d">Bay City.</subfield></datafield><datafield ind1="1" ind2=" " tag="775"><subfield code="t">Bay City observer (Bay City, Mich. : Weekly)</subfield><subfield code="w">(DLC)sn 96076607</subfield><subfield code="w">(OCoLC)34726071</subfield></datafield><datafield ind1="0" ind2="0" tag="785"><subfield code="t">Evening observer (Bay City, Mich.)</subfield><subfield code="w">(DLC)sn 96076626</subfield><subfield code="w">(OCoLC)34746774</subfield></datafield></record>